<?xml version="1.0" encoding="UTF-8"?><collection xmlns="http://www.loc.gov/MARC21/slim"><record><leader>00636nam--2200193-i-4500</leader><controlfield tag="001">000044159</controlfield><controlfield tag="002">20161230</controlfield><controlfield tag="005">20161230201044</controlfield><controlfield tag="008">060222s1000------------r-----000-0-rum-d</controlfield><datafield ind1=" " ind2=" " tag="040"><subfield code="a">IFIN-HH</subfield></datafield><datafield ind1=" " ind2=" " tag="041"><subfield code="a">rum</subfield></datafield><datafield ind1=" " ind2=" " tag="080"><subfield code="a">533.7</subfield></datafield><datafield ind1="1" ind2=" " tag="100"><subfield code="a">Dima, Ion</subfield></datafield><datafield ind1="1" ind2="0" tag="245"><subfield code="a">Teoria cinetico-moleculara a gazelor</subfield><subfield code="c">Ion Dima (Coordonator)</subfield></datafield><datafield ind1=" " ind2=" " tag="260"><subfield code="a">Bucuresti, Editura Stiintifica, 1972,</subfield></datafield><datafield ind1=" " ind2=" " tag="300"><subfield code="a">296 P</subfield></datafield><datafield ind1=" " ind2=" " tag="500"><subfield code="a">Exemplarul contine o dedicatie adresata dlui Prof. Dr. Doc. Ion Ursu cu semnaturile colectivului care a alcatuit cartea. Coperta este realizata de Dan Erceanu</subfield></datafield><datafield ind1=" " ind2=" " tag="852"><subfield code="a">79711</subfield><subfield code="c">533.7</subfield></datafield><datafield ind1=" " ind2=" " tag="CAT"><subfield code="a">Sys</subfield><subfield code="c">20100916</subfield><subfield code="h">120049</subfield></datafield></record></collection>